<record><leader>00930nam a22002538a 4500</leader><controlfield tag="001">CR9780511984686</controlfield><controlfield tag="003">UkCbUP</controlfield><controlfield tag="005">20120119050647.0</controlfield><controlfield tag="006">m||||||||d||||||||</controlfield><controlfield tag="007">cr||||||||||||</controlfield><controlfield tag="008">101130s2011||||enk     s     ||1 0|eng|d</controlfield><datafield tag="020" ind1=" " ind2=" "><subfield code="a">9780511984686 (ebook)</subfield></datafield><datafield tag="020" ind1="\" ind2="\"><subfield code="a">9780521885744 (hardback)</subfield></datafield><datafield tag="040" ind1=" " ind2=" "><subfield code="a">UkCbUP</subfield><subfield code="c">UkCbUP</subfield></datafield><datafield tag="100" ind1="1" ind2=" "><subfield code="a">Bailyn, John Frederick.</subfield></datafield><datafield tag="245" ind1="0" ind2="4"><subfield code="a">The Syntax of Russian </subfield><subfield code="h">[electronic resource]. /</subfield><subfield code="c">John Frederick Bailyn.</subfield></datafield><datafield tag="260" ind1=" " ind2=" "><subfield code="a">Cambridge :</subfield><subfield code="b">Cambridge University Press,</subfield><subfield code="c">2011</subfield></datafield><datafield tag="300" ind1=" " ind2=" "><subfield code="a">1 online resource (392 p.) :</subfield><subfield code="b">digital, PDF file(s).</subfield></datafield><datafield tag="490" ind1="0" ind2="\"><subfield code="a">Cambridge Syntax Guides</subfield></datafield><datafield tag="500" ind1=" " ind2=" "><subfield code="a">Title from publishers bibliographic system (viewed on 19 Jan 2012).</subfield></datafield><datafield tag="530" ind1=" " ind2=" "><subfield code="a">Also issued in print format.</subfield></datafield><datafield tag="538" ind1=" " ind2=" "><subfield code="a">Mode of access: World Wide Web.</subfield></datafield><datafield tag="776" ind1="0" ind2="8"><subfield code="i">Print version: </subfield><subfield code="z">9780521885744</subfield></datafield><datafield tag="856" ind1="4" ind2="0"><subfield code="u">http://dx.doi.org/10.1017/CBO9780511984686</subfield><subfield code="z">Access by subscription</subfield></datafield></record>