<record><leader>00948nam a22002418a 4500</leader><controlfield tag="001">CR9781139035590</controlfield><controlfield tag="003">UkCbUP</controlfield><controlfield tag="005">20120119050646.0</controlfield><controlfield tag="006">m||||||||d||||||||</controlfield><controlfield tag="007">cr||||||||||||</controlfield><controlfield tag="008">110301s2011||||enk     s     ||1 0|eng|d</controlfield><datafield tag="020" ind1=" " ind2=" "><subfield code="a">9781139035590 (ebook)</subfield></datafield><datafield tag="020" ind1="\" ind2="\"><subfield code="a">9780521190008 (hardback)</subfield></datafield><datafield tag="040" ind1=" " ind2=" "><subfield code="a">UkCbUP</subfield><subfield code="c">UkCbUP</subfield></datafield><datafield tag="100" ind1="1" ind2=" "><subfield code="a">Burton, Paul J..</subfield></datafield><datafield tag="245" ind1="0" ind2="0"><subfield code="a">Friendship and Empire </subfield><subfield code="h">[electronic resource] :</subfield><subfield code="b">Roman Diplomacy and Imperialism in the Middle Republic (353–146 BC) /</subfield><subfield code="c">Paul J. Burton.</subfield></datafield><datafield tag="260" ind1=" " ind2=" "><subfield code="a">Cambridge :</subfield><subfield code="b">Cambridge University Press,</subfield><subfield code="c">2011</subfield></datafield><datafield tag="300" ind1=" " ind2=" "><subfield code="a">1 online resource (408 p.) :</subfield><subfield code="b">digital, PDF file(s).</subfield></datafield><datafield tag="500" ind1=" " ind2=" "><subfield code="a">Title from publishers bibliographic system (viewed on 19 Jan 2012).</subfield></datafield><datafield tag="530" ind1=" " ind2=" "><subfield code="a">Also issued in print format.</subfield></datafield><datafield tag="538" ind1=" " ind2=" "><subfield code="a">Mode of access: World Wide Web.</subfield></datafield><datafield tag="776" ind1="0" ind2="8"><subfield code="i">Print version: </subfield><subfield code="z">9780521190008</subfield></datafield><datafield tag="856" ind1="4" ind2="0"><subfield code="u">http://dx.doi.org/10.1017/CBO9781139035590</subfield><subfield code="z">Access by subscription</subfield></datafield></record>